<record><leader>00000cas a2200000Ma 4500</leader><controlfield tag="001">57701326</controlfield><controlfield tag="007">hd bfb017baaa</controlfield><controlfield tag="008">930211d19271938meudn nea     0    0eng d</controlfield><controlfield tag="009">6099</controlfield><datafield ind1=" " ind2=" " tag="010"><subfield code="a">sn 93059138 </subfield></datafield><datafield ind1=" " ind2=" " tag="040"><subfield code="a">HMM</subfield><subfield code="c">HMM</subfield><subfield code="d">OCLCQ</subfield></datafield><datafield ind1=" " ind2=" " tag="043"><subfield code="a">n-us-me</subfield></datafield><datafield ind1="0" ind2="0" tag="245"><subfield code="a">Portland evening news</subfield><subfield code="h">[microform].</subfield></datafield><datafield ind1="3" ind2="0" tag="246"><subfield code="a">Portland news</subfield></datafield><datafield ind1="3" ind2="0" tag="246"><subfield code="a">Portland daily news</subfield></datafield><datafield ind1=" " ind2=" " tag="260"><subfield code="a">Portland, Me. :</subfield><subfield code="b">C.H. Tobey</subfield></datafield><datafield ind1=" " ind2=" " tag="300"><subfield code="a">v. ;</subfield><subfield code="c">60 cm.</subfield></datafield><datafield ind1=" " ind2=" " tag="310"><subfield code="a">Daily (except Sun.)</subfield></datafield><datafield ind1="0" ind2=" " tag="362"><subfield code="a">Vol. 1, no. 1 (Oct. 3, 1927)-v. 11, no. 193 (May 18, 1938).</subfield></datafield><datafield ind1=" " ind2=" " tag="500"><subfield code="a">Published as: Portland news, Feb. 21-Apr. 4, 1938, and: Portland daily news, Apr. 5-May 18, 1938.</subfield></datafield><datafield ind1=" " ind2=" " tag="533"><subfield code="a">Microfilm.</subfield><subfield code="m">May 23, 1929.</subfield><subfield code="b">Cambridge, Mass. :</subfield><subfield code="c">Harvard College Library Imaging Services,</subfield><subfield code="d">2004.</subfield><subfield code="e">1 microfilm reel ; 35 mm.</subfield></datafield><datafield ind1=" " ind2=" " tag="539"><subfield code="a">d</subfield><subfield code="b">1929</subfield><subfield code="c">1929</subfield><subfield code="d">mau</subfield><subfield code="e">u</subfield><subfield code="f">u</subfield><subfield code="g">a</subfield></datafield><datafield ind1=" " ind2="0" tag="651"><subfield code="a">Portland (Me.)</subfield><subfield code="v">Newspapers.</subfield></datafield><datafield ind1=" " ind2=" " tag="752"><subfield code="a">United States</subfield><subfield code="b">Maine</subfield><subfield code="c">Cumberland</subfield><subfield code="d">Portland.</subfield></datafield><datafield ind1=" " ind2="0" tag="830"><subfield code="a">Harvard College Library newspaper preservation microfilm program ;</subfield><subfield code="v">00931.</subfield></datafield></record>